
@online{robotics,
author = {Robotis INC},
title = {BIOLOID},
url = {http://www.robotis.com/xe/bioloid_en},}

@online{robotics1,
author = {Robtis INC},
title = {Robotis},
url = {http://www.robotis.com/xe/},
}

@online{raspberrycam,
author = {RASPBERRY PI FOUNDATION
UK REGISTERED CHARITY 1129409},
title = {CAMERA MODULE SETUP},
url = {http://www.raspberrypi.org/help/camera-module-setup/},}

@online{ftdi,
author = {SparkFun Electronics},
title = {FTDI SparkFun},
url = {https://www.sparkfun.com/products/9716},
}

@online{hub,
author = {Williams and Wang LLC},
title = {Dynamixel AX/MX 6 Port Extension Hub},
url = {https://www.bananarobotics.com/shop/Dynamixel-AX-MX-6-Port-Extension-Hub},
}

@online{bateria,
author = {Robotis},
title = {LIPO 11.1V BATTERY SET LBS-10},
url = {http://www.robotis.us/lipo-11-1v-battery-set-lbs-10/},
}

@online{microservo,
author = {HobbyKing},
title = {Turnigy TG9e 9g},
url = {http://www.hobbyking.com/hobbyking/store/__9549__Turnigy_TG9e_9g_1_5kg_0_10sec_Eco_Micro_Servo.html},}

@online{servomotores,
author = {Eduardo J. Carletti},
title = {Servos, características básicas},
url = {http://robots-argentina.com.ar/MotorServo_basico.html},}

@online{ros,
author = {Ros},
title = {About ROS},
url = {http://www.ros.org/about-ros/},}
@online{camara,
author = {Emil Valkov},
title = {Raspberry Pi Camera with OpenCV},
url = {http://robidouille.wordpress.com/2013/10/19/raspberry-pi-camera-with-opencv/},}
@online{gyro,
author = {Robotics INC},
title = {Gyro Sensor},
url = {http://support.robotis.com/en/product/auxdevice/sensor/dxl_gyro.htm},}

@online{robotcupsoccer,
author = {RoboCup 2014},
title = {ROBOCUP SOCCER},
url = {http://www.robocup2014.org/?page_id=51},}

@online{robotcup,
author = {RoboCup 2014},
title = {RoboCup 2014},
url = {http://www.robocup2014.org/},}
@InProceedings{paper,
author = {Sven Behnke and Michael Schreiber and J\"{o}rg St\"{u}ckler and Reimund Renner and Hauke Strasdat},
title = {See, walk, and kick:Humanoid robots start to play soccer},
}
@online{opencv,
author = {OpenCV Developers Team},
title = {ABOUT},
url = {http://opencv.org/about.html},
}
